%%%%%%%%%%%%%%%%%%% Please Do NOT Remove This Part %%%%%%%%%%%%%%%%%%%% 
@IEEEtranBSTCTL{IEEEexample:BSTcontrol,
  CTLdash_repeated_names = "no"
}

%%%%%%%%%%%%%%%%%%%%%%%%%%%%%%%%%%%%%%%%%%%%%%%%%%%%%%%%%%%%%%%%%%%%%%%
%%%  YOU CAN GET THE BIBTEX OF YOUR REFERENCES FROM GOOGLE SCHOLAR  %%%
%%%  1) Go to https://scholar.google.com/                           %%%
%%%  2) Search the title of the referencing document                %%%
%%%  3) Click on Cite                                               %%%
%%%  4) Click on BibTeX below the Cite window                       %%%
%%%  5) Copy and paste the entire bibtex Information here           %%%
%%%%%%%%%%%%%%%%%%%%%%%%%%%%%%%%%%%%%%%%%%%%%%%%%%%%%%%%%%%%%%%%%%%%%%%

%%%%%%%%%%%%%%%%%%%% Include Your References Below %%%%%%%%%%%%%%%%%%%% 



@article{haghighat2015cloudid,
  title={{CloudID}: Trustworthy Cloud-based and Cross-Enterprise Biometric Identification},
  author={Haghighat, Mohammad and Zonouz, Saman and Abdel-Mottaleb, Mohamed},
  journal={Expert Systems with Applications},
  volume={42},
  number={21},
  pages={7905--7916},
  year={2015},
  publisher={Pergamon}
}


@inproceedings{haghighat2016discriminant1,
  title={Discriminant Correlation Analysis for Feature Level Fusion with Application to Multimodal Biometrics},
  author={Haghighat, M and Abdel-Mottaleb, M and Alhalabi, W},
  booktitle={IEEE International Conference on Acoustics, Speech and Signal Processing (ICASSP)},
  pages={1866--1870},
  year={2016}
}


@inproceedings{haghighat2013identification,
  title={Identification using encrypted biometrics},
  author={Haghighat, Mohammad and Zonouz, Saman and Abdel-Mottaleb, Mohamed},
  booktitle={International Conference on Computer Analysis of Images and Patterns},
  pages={440--448},
  year={2013},
  organization={Springer}
}


@article{haghighat2016discriminant2,
  title={Discriminant Correlation Analysis: Real-Time Feature Level Fusion for Multimodal Biometric Recognition},
  author={Haghighat, M and Abdel-Mottaleb, M and Alhalabi, W},
  journal={IEEE Transactions on Information Forensics and Security},
  volume={11},
  number={9},
  pages={1984--1996},
  year={2013}
}